<record><leader>00000cas a22000007a 4500</leader><controlfield tag="001">12774515</controlfield><controlfield tag="008">851108d19081909paudn ne      0    0eng d</controlfield><datafield ind1=" " ind2=" " tag="010"><subfield code="a">sn 85054843 </subfield></datafield><datafield ind1=" " ind2=" " tag="040"><subfield code="a">NPH</subfield><subfield code="b">eng</subfield><subfield code="c">NPH</subfield><subfield code="d">OCLCQ</subfield></datafield><datafield ind1=" " ind2=" " tag="042"><subfield code="a">msc</subfield></datafield><datafield ind1="0" ind2=" " tag="130"><subfield code="a">Daily mail (Bloomsburg, Pa.)</subfield></datafield><datafield ind1="1" ind2="4" tag="245"><subfield code="a">The daily mail.</subfield></datafield><datafield ind1=" " ind2=" " tag="260"><subfield code="a">Bloomsburg, Pa. :</subfield><subfield code="b">Sentinel Printery,</subfield><subfield code="c">1908-</subfield></datafield><datafield ind1=" " ind2=" " tag="300"><subfield code="a">v.</subfield></datafield><datafield ind1=" " ind2=" " tag="310"><subfield code="a">Daily (except Sunday)</subfield></datafield><datafield ind1="0" ind2=" " tag="362"><subfield code="a">Vol. 1, no. 1 (Aug. 1, 1908)-</subfield></datafield><datafield ind1="1" ind2=" " tag="362"><subfield code="a">Ceased in 1909?</subfield><subfield code="z">Cf. Rossell, G. Pa. newspapers.</subfield></datafield><datafield ind1=" " ind2=" " tag="580"><subfield code="a">Continues: Bloomsburg daily. Cf. Beers, J.H. Historical and biographical annals of Columbia and Montour Counties, Pa.</subfield></datafield><datafield ind1=" " ind2=" " tag="752"><subfield code="a">United States</subfield><subfield code="b">Pennsylvania</subfield><subfield code="c">Columbia</subfield><subfield code="d">Bloomsburg.</subfield></datafield><datafield ind1="1" ind2="0" tag="780"><subfield code="t">Bloomsburg daily</subfield><subfield code="w">(DLC)sn 85054842</subfield></datafield><datafield ind1="1" ind2=" " tag="029"><subfield code="a">AU@</subfield><subfield code="b">000025801597</subfield></datafield></record>